@book{ballentine:quantum-mechanics,
  title =	 {Quantum Mechanics: A Modern Development},
  author =	 {Ballentine, Leslie~E.},
  chapter = 	 {16},
  year =	 {1998},
  publisher =	 {World Scientific},
}

@book{cohen:quantum-mechanics,
  title =	 {Quantum mechanics},
  author =	 {Cohen-Tannoudji, Claude and Diu, Bernard and LaloÃ«, Franck},
  VOLUME = 	 {2},
  chapter = 	 {8},
  year =	 {2006},
  publisher =	 {John Wiley \& Sons},
}

@book{griffiths:introduction-qm,
  title =	 {Introduction to quantum mechanics},
  author =	 {Griffiths, David~J.},
  year =	 {2004},
  edition = 	 {2},
  chapter = 	 {11},
  publisher =	 {Pearson Prentice Hall},
}
